<record><leader>00000cas a2200000 a 4500</leader><controlfield tag="001">43398816</controlfield><controlfield tag="007">hd bfu---baap</controlfield><controlfield tag="007">hd afu---bacp</controlfield><controlfield tag="008">000204d191319uunbuwr nea     0    0cze d</controlfield><datafield ind1=" " ind2=" " tag="010"><subfield code="a">sn 99067057 </subfield></datafield><datafield ind1=" " ind2=" " tag="040"><subfield code="a">NVG</subfield><subfield code="b">eng</subfield><subfield code="c">NVG</subfield><subfield code="d">OCL</subfield><subfield code="d">OCLCQ</subfield><subfield code="d">OCLCF</subfield><subfield code="d">OCLCO</subfield></datafield><datafield ind1="1" ind2=" " tag="029"><subfield code="a">AU@</subfield><subfield code="b">000021380013</subfield></datafield><datafield ind1=" " ind2=" " tag="042"><subfield code="a">msc</subfield></datafield><datafield ind1=" " ind2=" " tag="043"><subfield code="a">n-us-nb</subfield></datafield><datafield ind1="0" ind2="0" tag="245"><subfield code="a">Ozve&#769;na za&#769;padu</subfield><subfield code="h">[microform].</subfield></datafield><datafield ind1="1" ind2=" " tag="246"><subfield code="i">Title in English:</subfield><subfield code="a">Echo of the west</subfield></datafield><datafield ind1=" " ind2=" " tag="260"><subfield code="a">Clarkson, Neb. :</subfield><subfield code="b">Odvarka Bros.</subfield></datafield><datafield ind1=" " ind2=" " tag="300"><subfield code="a">v. ;</subfield><subfield code="c">56 cm.</subfield></datafield><datafield ind1=" " ind2=" " tag="310"><subfield code="a">Weekly</subfield></datafield><datafield ind1="1" ind2=" " tag="362"><subfield code="a">Began in 1913.</subfield></datafield><datafield ind1=" " ind2=" " tag="515"><subfield code="a">&lt;, Roc&#780;. 2, c&#780;i&#769;s 1&gt;- also numbered in English &lt;, Vol. 2, no. 1 (July 29, 1914)&gt;-</subfield></datafield><datafield ind1=" " ind2=" " tag="588"><subfield code="a">Description based on: Roc&#780;. 2, c&#780;i&#769;s. 1 (29 cerven. 1914).</subfield></datafield><datafield ind1=" " ind2=" " tag="533"><subfield code="a">Microfilm.</subfield><subfield code="m">29 cerven. 1914-17 cerven. 1917 : [gaps].</subfield><subfield code="b">Lincoln, Neb. :</subfield><subfield code="b">Nebraska State Historicial Society,</subfield><subfield code="d">2000.</subfield><subfield code="e">2 microfilm reel ; 35 mm.</subfield></datafield><datafield ind1=" " ind2="0" tag="650"><subfield code="a">Czechs</subfield><subfield code="z">Nebraska</subfield><subfield code="v">Newspapers.</subfield></datafield><datafield ind1=" " ind2="0" tag="650"><subfield code="a">Czech American newspapers</subfield><subfield code="z">Nebraska.</subfield></datafield><datafield ind1=" " ind2="0" tag="651"><subfield code="a">Clarkson (Neb.)</subfield><subfield code="v">Newspapers.</subfield></datafield><datafield ind1=" " ind2="7" tag="655"><subfield code="a">Newspapers.</subfield><subfield code="2">fast</subfield><subfield code="0">(OCoLC)fst01423814</subfield></datafield><datafield ind1=" " ind2="7" tag="650"><subfield code="a">Czech-American newspapers.</subfield><subfield code="2">fast</subfield><subfield code="0">(OCoLC)fst00886452</subfield></datafield><datafield ind1=" " ind2="7" tag="650"><subfield code="a">Czechs.</subfield><subfield code="2">fast</subfield><subfield code="0">(OCoLC)fst00886455</subfield></datafield><datafield ind1=" " ind2="7" tag="651"><subfield code="a">Nebraska.</subfield><subfield code="2">fast</subfield><subfield code="0">(OCoLC)fst01208998</subfield></datafield><datafield ind1=" " ind2="7" tag="651"><subfield code="a">Nebraska</subfield><subfield code="z">Clarkson.</subfield><subfield code="2">fast</subfield><subfield code="0">(OCoLC)fst01275012</subfield></datafield><datafield ind1=" " ind2=" " tag="752"><subfield code="a">United States</subfield><subfield code="b">Nebraska</subfield><subfield code="c">Colfax</subfield><subfield code="d">Clarkson.</subfield></datafield></record>